\begin{document}
@Article{O1,
title = {OPC Unified Architecture Specification Part1 Overview and Concepts 1.02},
author = {{OPC Foundation}},
year = {July 10.2012},
}
@Article{O2,
title = {OPC Unified Architecture Specification Part2 Security Model 1.01},
author = {{OPC Foundation}},
year = {February 6.2009},
}
@Article{O3,
title = {OPC Unified Architecture Specification Part3 Address Space Model 1.01},
author = {{OPC Foundation}},
year = {February 6.2009},
}
@Article{O4,
title = {OPC Unified Architecture Specification Part4 Services 1.01},
author = {{OPC Foundation}},
year = {February 6.2009},
}
@Article{O6,
title = {OPC Unified Architecture Specification Part6 Mappings 1.01},
author = {{OPC Foundation}},
year = {February 6.2009},
}
@Article{O11,
title = {OPC Unified Architecture Specification Part11 Historical Access 1.01},
author = {{OPC Foundation}},
year = {December 1.2009},
}

@Article{Ref1,
title = "OPC UA-Service-oriented Architecture for Industrial Applications",
author = "{Stefan-Helmut Leitner and Wolfgang Mahnk}"
}

@Article{Ref2,
title = { Implementation of the OPC UA Information Model for Analyzers},
author = {{Mariusz Postol (CAS), Voytek J. Janisz (ABB), Claude M Lafond (ABB), Jim Luth (OPC Foundation)}}
}
@misc{Ref3,
  author = "SID",
  title = "MQTT vs OPC-UA: Das HTTP der Industrie 4.0?",
  howpublished = "\url{http://dennisseidel.de/the-http-for-industrie-4-0-mqtt-vs-opc-ua-german}",
  note = "[update;2013]"
}
@misc{Ref4,
  author = "{Wikipedia contributors}",
  title = "{OPC Unified Architecture}",
  howpublished = "\url{http://en.wikipedia.org/wiki/OPC_Unified_Architecture}",
  note = "[update;Februray 5,2014]"
}
@misc{Ref5,
  author = "{Wikipedia contributors}",
  title = "{Constrained Application Protocol}",
  howpublished = "\url{http://en.wikipedia.org/wiki/Constrained_Application_Protocol}",
  note = "[update;Februray 8,2014]"
}
@Article{SimAl,
title = { SIMalliance LTE UICC Profile V1.0},
author = {{SIMalliance}}
}
@misc{Javacard3,
  author = "{Bruce Hopkins}",
  title = "{Deploying Servlets on Smart Cards: Portable Web Servers with Java Card 3.0}",
  howpublished = "\url{http://www.oracle.com/technetwork/articles/javase/javacard-servlets-136657.html}",
  note = "[update;January 2010]"
}
@Article{handbuch,
title = {Handbuch der Chipkarten - 5. deutsche Auflage},
author = {{Wolfgang Rankl und Wolfgang Effing}},
year = {2008},
}
@Article{ramGP,
title = {Remote Application Management over HTTP Card Specification v2.2 – Amendment B},
author = {{GlobalPlatform Card}},
year = {March 2012},
}
@Article{uiccDef,
title = {The role of the UICC in Long Term Evolution all IP networks},
author = {{Jean-Louis Carrara,Hervé Ganem,Jean-François Rubon,Jacques Seif}},
year = {January 2009},
}
@Article{gp,
title = {GlobalPlattform Card Specification},
author = {{GlobalPlatform}},
year = {January 2011},
}

@Article{jcadg,
title = {Java Card Applet Developers' Guide},
author = {{Sun Microsystems}},
year = {July 1998},
}
\end{document}