@BOOK{Latex1,
	author = {Schlager, Petra and Thibud, Manfred},
	title = {Wissenschaftlich mit {LaTeX} arbeiten},
	publisher = {Pearson Studium},
	year = {2005},
	note = {(in German)}
}

@BOOK{Latex2,
	author = {Mittelbach, Frank and Goossens, Michel and Braams, Johannes and Carlisle, David and Rowley, Chris},
	title = {Der {LaTeX-B}egleiter},
	publisher = {Pearson Studium},
	year = {2005},
	note = {(in German)}
}

@BOOK{Latex3,
	author = {Kopka, Helmut},
	title = {Latex. {E}inf{\"u}hrung {B}and 1},
	publisher = {Addison-Wesley},
	year = {2001},
	note = {(in German), ISBN: 978-3827315571},
}

@BOOK{Latex4,
	author = {Kopka, Helmut and W. Daly, Patrick},
	title = {A {G}uide to {LaTeX}: {D}ocument {P}reparation for {B}eginners and {A}dvanced {U}sers},
	publisher = {Addison-Wesley Longman},
	year = {1999},
	note = {ISBN: 0-201-39825-7}
}

@MISC{TexnicCenter,
title = {Te{X}nic{C}enter},
note = {online at: {http://www.texniccenter.org}}
}

@MISC{MikTex,
title = {{MiKTeX}},
note = {online at: {http://miktex.org}}
}